<record><leader>00000cas a2200000 a 4500</leader><controlfield tag="001">17487520</controlfield><controlfield tag="008">880216d19821985caumr ne      0    0eng d</controlfield><datafield ind1=" " ind2=" " tag="010"><subfield code="a">sn 94050904 </subfield></datafield><datafield ind1=" " ind2=" " tag="040"><subfield code="a">WIH</subfield><subfield code="b">eng</subfield><subfield code="c">WIH</subfield><subfield code="d">ANU</subfield><subfield code="d">OCL</subfield><subfield code="d">ANN</subfield><subfield code="d">OCL</subfield><subfield code="d">ZP2</subfield><subfield code="d">OCLCQ</subfield><subfield code="d">OCLCF</subfield><subfield code="d">OCLCO</subfield></datafield><datafield ind1="1" ind2=" " tag="029"><subfield code="a">AU@</subfield><subfield code="b">000010928982</subfield></datafield><datafield ind1=" " ind2=" " tag="042"><subfield code="a">msc</subfield></datafield><datafield ind1=" " ind2=" " tag="043"><subfield code="a">n-us-ca</subfield></datafield><datafield ind1="0" ind2=" " tag="130"><subfield code="a">Whispering winds (Porterville, Calif.)</subfield></datafield><datafield ind1="1" ind2="0" tag="245"><subfield code="a">Whispering winds.</subfield></datafield><datafield ind1="1" ind2=" " tag="246"><subfield code="i">Published as:</subfield><subfield code="a">Tule River's whispering winds</subfield><subfield code="f">Aug. 1984-Oct. 1985</subfield></datafield><datafield ind1=" " ind2=" " tag="260"><subfield code="a">Porterville, Calif. :</subfield><subfield code="b">Tule River Tribal Council</subfield></datafield><datafield ind1=" " ind2=" " tag="300"><subfield code="a">v. :</subfield><subfield code="b">ill.</subfield></datafield><datafield ind1=" " ind2=" " tag="310"><subfield code="a">Monthly</subfield></datafield><datafield ind1=" " ind2=" " tag="500"><subfield code="a">Published by: Rural Ventures, Inc., and the Tule River Tribal Council, &lt;1984-1985&gt;.</subfield></datafield><datafield ind1=" " ind2=" " tag="530"><subfield code="a">Available on microfilm from the State Historical Society of Wisconsin.</subfield></datafield><datafield ind1=" " ind2=" " tag="588"><subfield code="a">Description based on: Vol. 1, [no.] 2 (Sept. 1982).</subfield></datafield><datafield ind1=" " ind2="0" tag="650"><subfield code="a">Indians of North America</subfield><subfield code="z">California</subfield><subfield code="v">Newspapers.</subfield></datafield><datafield ind1=" " ind2="0" tag="651"><subfield code="a">Tule River Indian Reservation (Calif.)</subfield><subfield code="v">Newspapers.</subfield></datafield><datafield ind1=" " ind2="7" tag="655"><subfield code="a">Newspapers.</subfield><subfield code="2">fast</subfield><subfield code="0">(OCoLC)fst01423814</subfield></datafield><datafield ind1=" " ind2="7" tag="650"><subfield code="a">Indians of North America.</subfield><subfield code="2">fast</subfield><subfield code="0">(OCoLC)fst00969633</subfield></datafield><datafield ind1=" " ind2="7" tag="651"><subfield code="a">California.</subfield><subfield code="2">fast</subfield><subfield code="0">(OCoLC)fst01204928</subfield></datafield><datafield ind1=" " ind2="7" tag="651"><subfield code="a">California</subfield><subfield code="z">Tule River Indian Reservation.</subfield><subfield code="2">fast</subfield><subfield code="0">(OCoLC)fst01256283</subfield></datafield><datafield ind1="2" ind2=" " tag="710"><subfield code="a">Tule River Tribal Council.</subfield></datafield><datafield ind1=" " ind2=" " tag="752"><subfield code="a">United States</subfield><subfield code="b">California</subfield><subfield code="c">Tulare</subfield><subfield code="d">Porterville.</subfield></datafield><datafield ind1="0" ind2="0" tag="780"><subfield code="t">Tule River Indian Reservation's whispering winds</subfield><subfield code="w">(DLC)sn 94050958</subfield><subfield code="w">(OCoLC)17487501</subfield></datafield></record>